@book{bahvalov-et-al,
author = "{Бахвалов Н.С.} and {Жидков Н.П.} and {Кобельков Г.М.}",
title = "Численые методы",
publisher = "Наука",
address = "М.",
year = "1987",
pages= "598",
language = "russian"
}

@book{benerdge-et-al,
author = "{Бенерджи П.} and {Баттерфилд Р}",
title = "Метод граничных элементов в прикладных науках.",
publisher = "Мир",
address = "М.",
year = "1984",
pages= "494",
language = "russian"
}

% \item
%   \emph{Бобик О.І.} Рівняння математичної фізики (Теорія потенціалу,
%   рівняння Гельмгольца, задача Штурма-Ліувіля, спеціальні функції) :
%   Текст лекцій. -Львів: Ред.вид.відділ. 1990. -84с.
% \item
%   \emph{Бреббия К., Теллес Ж., Вроубел Л}. Методы граничных элементов.
%   --- М.: Мир, 1987.-- 524 с.
% \item
%   \emph{Григоренко Я.М., Грицько Є.Г., Журавчак Л.М.} Застосування
%   скінченних різниць і приграничних елементів в задачі пружності для
%   неоднорідного тіла // Доп. АН України. -- 1993. - №4. --С. 49-53.
% \item
%   \emph{Григоренко Я.М., Грицько Є.Г., Журавчак Л.М.} Застосування
%   скінченних різниць і приграничних елементів в задачі пружності для
%   неоднорідного тіла // Доп. АН України. -- 1993. - №4. --С. 49-53.
% \item
%   \emph{Грицько Є.Г., Гудзь Р.В., Журавчак Л.М.} Метод граничних
%   елементів та ермітові скінченні елементи у задачах пружності для тіл з
%   неоднорідностями // Фізико-хімічна механіка матеріалів. №5, 1999. С.
%   99--101.
% \item
%   \emph{Грицько Є.Г., Журавчак Л.М.} Численно-аналитический способ
%   решения нелинейной задачи теплопроводности для прямой призмы // Мат.
%   методы и физ.-мех. поля. -- К.: Наук. думка, 1990. -- Вып. 31. -- С.
%   95 -- 99.
% \item
%   \emph{Громадка ІІ Т., Лей Ч.} Комплексный метод граничных элементов в
%   инженерных задачах. -- М.: Мир, 1990. -- 303с.
% \item
%   \emph{Гудзь Р.В.,} \emph{Петльований А.Т.} Комплексний метод граничних
%   елементів при моделюванні фізичних процесів у тілах з композиційних
%   матеріалів // Дев'ята Всеукр. наук. конф. ``Сучасні проблеми прикл.
%   матем. та інформатики. Львів, 2002. С. 37.
% \item
%   \emph{Гудзь Р.В.,} \emph{Петльований А.Т.} \textbf{Моделювання
%   стаціонарного процесу теплопровідності у тілі зі сукупністю локальних
%   неоднорідностей за допомогою комплексного методу граничних елементів}
%   // Восьма Всеукр. наук. конф. ``Сучасні проблеми прикл. матем. та
%   інформатики. Львів, 2001. С. 52.
% \item
%   \emph{Гудзь Р.В.} Визначення розв'язку плоскої стаціонарної задачі
%   теплопровідності для локально-неоднорідної області з використанням
%   непрямого методу граничних елементів // Вісн. Львів. ун-ту. Сер.
%   мех.-мат. 1995. Вип. 42. --- С. 74-78.
% \item
%   \emph{Дульев Г}.\emph{Н}.\emph{, Заричняк Ю.П.} Теплопроводимость
%   смесей и композиционных материалов. Справочная книга. Л.: ``Энергия'',
%   1974. -- 264 с.
% \item
%   \emph{Журавчак Л.М., Грицько Є.Г.} Метод приграничних елементів у
%   прикладних задачах математичної фізики // КВ ІГФ НАН України, 1996. -
%   220 с.
% \item
%   \emph{Зенкевич О., Морган К.} Конечные элементы и аппроксимация. --
%   М.:Мир, 1986.---318 с.
% \item
%   \emph{Крауч С., Старфилд А.} Методы граничных элементов в механике
%   твердого тела. --- М.: Мир, 1997. -- 328 с.
% \item
%   \emph{Купрадзе В.Д.} Методы потенциала в теории упругости. --М.:
%   Физматиз, 1963. -- 472с.
% \item
%   \emph{Марчук Г.И.}, \emph{Агошков В.И.} Введение в
%   проекционно-сеточные методы. --М.: Наука, 1981. -- 416с.
% \item
%   \emph{Михлин С.Г.} Численая реализация вариационных методов. --М.:
%   Наука, 1966. -- 432с.
% \item
%   \emph{Мусхешивили Н.И.} Некоторые основные задачи математической
%   теории упругости. --М.: Наука, 1966. -- 708с.
% \item
%   \emph{Норри Д., де Фриз Ж.} Введение в метод конечных элементов. ---
%   М.: Мир, 1981. --- 304 с.
% \item
%   \emph{Положий Г.М.} Уравнения математической физики. --М: Высшая
%   школа. 1964. --559с.
% \item
%   \emph{Работнов Ю.Н.} Механика деформируемого твёрдого тела. --М.:
%   Наука, 1988. -- 712с.
% \item
%   \emph{Ректорис К.} Вариационные методы в математической физике и
%   технике. --- М.: Мир, 1985. --- 590 с.
% \item
%   \emph{Савула Я.Г., Шинкаренко Г.А.} Метод скінчених елементів.
%   --Львів: Вища школа. 1976. -- 79с.
% \item
%   \emph{Журавчак Л.М.} Порівняння розв'язків задач теорії пружності для
%   різних пригра­ничних елемен­тів // Фіз.-хім. меха­ніка матеріалів,
%   2002. -- № 6. -- С. 79-84.
% \item
%   \emph{Гузь А.Н., Немиш Ю.Н.} Статика упругих тел неканонической формы.
%   -- К.: Наук. думка, 1984. -- 280 с. (Пространственные задачи теории
%   упругости и пластичности, в 6-ти томах, Т.2).
% \item
%   \emph{Стадник М.М.} Концентрація напружень біля пружного
%   еліпсоїдального включення у безмежному тілі // Фіз.-хім.меха¬ніка
%   матеріалів, 2002. -- № 6. -- С. 25-30.
% \item
%   \emph{Рвачев В.Л., Синекоп Н.С.} Метод R-функций в задачах теории
%   упругости и пластичности. -- К.: Наук. думка, 1990. -- 216 с.
% \item
%   \emph{Саркисян В.С., Керопян А.В.} К решению двух контактных задач для
%   упругих тел с двумя разнородными конечными стрингерами // Мат. методи
%   і фіз.-мех. поля, 2003. -- Т. 46, № 2. -- С. 114-121.
% \item
%   \emph{Бережницький Л.Т., Мазурак Л.П., Качур П.С.} Плоска задача для
%   ізотропного тіла з включенням, оточеним пружним прошарком // Фіз.-хім.
%   меха¬ніка матеріалів, 2000. -- № 3. -- С. 27-34.
% \item
%   \emph{Григоренко Я.М., Василенко А.Т.} Задачи статики неоднородных
%   анизотропных оболочек. -- М.: Наука, 1992. -- 336 с.
% \item
%   \emph{Головач Н.П., Дияк І.І.} Метод декомпозиції області та
%   комбінований скінченно-гранично-елементний аналіз задач пружності //
%   Фіз.-хім. меха¬ніка матеріалів, 2000. -- № 1. -- С. 115-117.
% \item
%   \emph{Вишневский К.В. Кушнир Р.М.} Граничные интегральные уравнения
%   для тела с инородными включениями // Мат. методи і фіз.-мех. поля,
%   1996. -- Т. 39, № 1. -- С. 37-41.
% \item
%   \emph{Лавренюк В.І., Терещенко В.М.} Напружений стан
%   кусково-однорідних тіл при дії нестаціо¬нарних теплових полів // Мат.
%   методи і фіз.-мех. поля, 1997. -- Т. 40, № 1. -- С. 53-58.
% \item
%   \emph{Грицько Є.Г., Журавчак Л.М.} Порівняння методів гранич¬них і
%   пригра¬ничних елемен¬тів для розв'язування задач теорії пружності //
%   Фіз.-хім. меха¬ніка матеріалів, 1997. -- № 3. -- С. 50-56.
% \item
%   \emph{Грицько Є.Г., Журавчак Л.М., Фітель Г.В., Шуміліна Н.В.}
%   Автоматизація число¬вих дос¬лід¬жень методом пригра¬нич¬них елементів
%   фізичних по¬лів у много¬кутни¬ках // Вісник Львів. ун-ту. Сер. прикл.
%   мат. та інформ.  2001.  Вип. 3.  C. 100-105.
% \end{enumerate}
% 
% 
% 
