@book{beizer-1,
author = "{Байцер~Б.}",
title = "Архитектура вычислительных комплексов",
volume = "1",
year = "1974",
pages = "321--331",
language = "russian"
}

@book{beizer-2,
author = "{Байцер~Б.}",
title = "Архитектура вычислительных комплексов",
volume = "2",
year = "1974",
pages = "90--498",
language = "russian"
}

@book{c-language,
author = "{B.~Kernighan} and {D.~Ritchie}",
title = "The C Programming Language",
publisher = "Prentice-Hall",
address = "Englewood Cliffs, New Jersey",
year = "1978",
pages = "320",
language = "ukrainian"
}


@book{latcis,
author = "{Лацис~А.О.}",
title = "Как построить и использовать суперкомпьютер",
year = "2003",
pages = "240",
language = "russian"
}

@book{nemnugin,
author = "{Немнюгин~С.А.} and {Стесик~О.Л.}",
title = "Параллельные программирование для многопроцессорных вы\-чис\-ли\-тель\-ных систем",
year = "2002",
pages = "400",
language = "russian"
}

@book{korneev,
author = "{Корнеев~В.В.}",
title = "Параллельные вычислительные системы",
publisher = "Нолидж",
address = "М",
year = "1999",
language = "russian"
}

@book{chan,
author = "{Чан~Т.}",
title = "Системное программирование на С++ для UNIX",
publisher = "BHV",
year = "1997",
language = "russian"
}

@book{ortega,
author = "{Ортега~Дж.}",
title = "Введение в параллельные и векторные методы решения линейных систем",
publisher = "Мир",
address = "М",
year = "1991",
language = "russian"
}

@book{andrianov,
author = "{Анд\-ри\-а\-нов~С.Н.} and {Дег\-тя\-рев~А.Б.}",
title = "Параллельные и распределенные вычисления",
publisher = "Издательство С.-Петерб. ун-та",
volume = "1",
address = "СПб.",
year = "2007",
pages = "50--59",
language = "russian"
}

@book{voevodin,
author = "{Воеводин~В.В.} and {Воеводин~Вл.В.}",
title = "Параллельные вычисления",
publisher = "БХВ-Петербург",
address = "СПб.",
year = "2002",
language = "russian"
}

@book{antonov,
author = "{Антонов~А.С.}",
title = "Параллельное программирование с использованием технологии MPI",
publisher = "Изд. МГУ",
address = "М.",
year = "2004",
language = "russian"
}

@book{endrius,
author = "{Эндрюс~Г.Р.}",
title = "Основы многопоточного, параллельного и распределенного программирования",
publisher = "Издательский дом Вильямс",
address = "М.",
year = "2003",
language = "russian"
}

@book{bogdanov,
author = "{Бог\-да\-нов~А.В.} and {Кор\-хов~В.В.} and {Мареев~В.В.} and {Станкова~Е.Н.}",
title = "Архитектуры и топологии мно\-го\-про\-цес\-сор\-ных вычислительных систем",
publisher = "Ин\-тер\-нет-Университет Информационных Технологий",
address = "М.",
year = "2004",
language = "russian"
}

@book{gergel-cluster-building,
author = "{Гергель~В.П.}",
title = "Технологии построения и использования кластерных систем",
publisher = "Издательство НГУ",
address = "НН.",
year = "2009",
language = "russian",
annotation ="{Предлагаемый курс направлен на представление обзора технологий построения и эффективного использования одного из наиболее широкого распространенного класса параллельных систем -- кластеров. В рамках курса осуществляется комплексное рассмотрение темы начиная с выбора наиболее подходящих архитектурных решений и заканчивая оценкой эффективности кластерных систем. Особое внимание уделяется системам эффективного управления ресурсами кластера -- изложение данного вопроса проводится на основе имеющегося опыта разработки системы управления кластера Нижегородского университета. Получаемый в результате изучения данного курса набор знаний и умений является достаточным для того, чтобы слушатели смогли самостоятельно спроектировать, построить, настроить и использовать кластер в рамках организации малого и среднего размера}"}

@book{toporkov-modeli-raspredelennyh-vychislenij,
author = "{Топорков~В.В.}",
title = "Модели распределенных вычислений",
publisher = "Физматлит",
address = "М.",
year = "2004",
pages= "320",
language = "russian",
}

@book{leung-scheduling-algoritms,
author = "{Leung~J.Y.}",
title = {Handbook of Scheduling. Algo\-rithms, Models and Performance Analy\-sis},
publisher = "Boca Raton: CRC Press",
year = "2004",
pages= "622",
language = "ukrainian",
}

@book{blazewich-scheduling-handbook,
author = "{Blazewicz~J.} and {Ecker~K.} and {Pesch~E.}",
title = "Handbook on Scheduling. From Theory to Applications",
publisher = "Springer",
year = "2007",
pages= "647",
language = "ukrainian",
}

@article{scheduling-modelling-workload,
author = "{Jann~J.}",
title = "Modeling of Workload in MPPs",
journal = "Lecture Notes in Computer Science",
volume = "1291",
year = "1997",
pages = "95--116",
language = "ukrainian"
}

@inproceedings{scheduling-feitelson-1,
author = "{Feitelson~G.}",
title = "Packing Schemes for Gang Scheduling",
booktitle = "Lecture Notes in Computer Science, Proceedings of the Workshop on Job Scheduling Strategies for Parallel Processing",
address = "Springer-Verlag",
volume  = "1162",
year = "1996",
pages = "89--110",
language = "ukrainian"
}

@inproceedings{supercomputer-cooling,
author = "{Е.~Дружинин}",
title = "Энергоэффективное охлаждение суперкомпьютеров. Краткий обзор технологий охлаждения ЦОД",
booktitle = "Суперкомпьютеры",
volume  = "№3 (11)",
year = "2013",
pages = "30--33",
language = "russian"
}

@inproceedings{supercomputer-cooling-abramov,
author = "{С.М.Абрамов} and {С.А.Амелькин} and {А.А.Чичковский}",
title = "Различные подходы к жидкостному охлаждению",
booktitle = "Суперкомпьютеры",
volume  = "№3 (11)",
year = "2013",
pages = "34--36",
language = "russian"
}

@inproceedings{scit-cooling-hpcua,
author = "{А. Головинський} and {А. Маленко}",
title = "Сучаснi методи охолодження суперкомп’ютерних центрiв",
booktitle = "Матеріали конференції ''Ви\-со\-ко\-про\-дук\-тив\-ні обчислення HPC-UA 2014''",
year = "2014",
pages = "32--40",
language = "ukrainian"
}




@article{scheduling-feitelson-2,
author = "{Feitelson~G.} and {Rudolph~L.}",
title = "Metrics and Benchmarking for Parallel Job Scheduling",
journal = "Job Scheduling Strategies for Parallel Processing",
year = "1998",
pages = "1--24",
language = "ukrainian"
}

@inproceedings{scheduling-feitelson-3,
author = "{Feitelson~G.}",
title = "Utilization and Predictability in Scheduling the IBM SP2 with Backfilling",
booktitle = "12th International Parallel Processing Symposium / 9th Symposium on Parallel and Distributed Processing",
address = "Springer",
year = "1998",
pages = "542--546",
language = "ukrainian"
}

@article{scheduling-feitelson-4,
author = "{Lublin~U.} and {Feitelson~G.}",
title = "The Workload on Parallel Supercomputers: Modeling the Characteristics of Rigid Job",
journal = "Journal of Parallel and Distributed Computing",
year = "2003",
volume = "63",
pages = "542--546",
language = "ukrainian"
}

@article{unix,
author = "{D.M.~Ritchie} and {K.~Thompson}",
title = "The UNIX Time-Sharing System",
journal = "Communications of the, ACM",
volume = "7 (July 1974)",
pages = "365-375",
language = "ukrainian"
}



@inproceedings{cluster-art,
author = "{Koval~V.N.} and {Savyak~V.V.} and {Yakuba~A.A.}",
title = "Cluster management processes organization and handling",
booktitle = "Праці міжнародної конференції KDS-2005",
address = "Varna, Bulgaria",
volume  = "1",
year = "2005",
pages = "112--118",
language = "ukrainian"
}

@inproceedings{scit-art,
author = "{Koval~V.N.} and {Savyak~V.V.} and {Sergienko~I.V.} and {Yakuba~A.A.}",
title = "SCIT -- Ukrainian supercomputer project",
booktitle = "Праці міжнародної конференції KDS-2005",
address = "Varna, Bulgaria",
year = "2005",
language = "ukrainian"
}

@inproceedings{scit-project-art,
author = "{Ко\-валь~В.М.} and {Ряб\-чун~С.Г.} and {Яку\-ба~А.А.}",
title = "Суперкомпьютерный проект Института кибернетики НАН Ук\-ра\-и\-ны",
booktitle = "Тези VI міжнародної науково-технічної конференції ''Інтелектуальні і багатопроцесорні системи ІБС-2005''",
addesss = "Геленджик, Росія",
year = "2005",
language = "ukrainian"
}

@inproceedings{polzovatel-int-art,
author = "{Ко\-валь~В.М.} and {Яку\-ба~А.А.}",
title = "Кластерный суперкомпьютерный комплекс - организация работы пользователя",
booktitle = "Тези VI міжнародної на\-у\-ко\-во-технічної конференції ''Інтелектуальні і багатопроцесорні системи ІБС-2005''",
address = "Геленджик, Росія",
year = "2005",
language = "ukrainian"
}

@article{patent03-pat,
author = "{Ко\-валь~В.М.} and {Кривонос~Ю.Г.} and {Ряб\-чун~С.Г.} and {Сер\-гі\-єн\-ко~І.В.}",
title = "Патент України, Патент на корисну модель",
journal = "№17725, UA, МПК (2006), G06F15/16, u 2006 03465 від 30.03.06 Багатопроцесорна обчислювальна система",
year = "2006",
language = "ukrainian"
}

@article{patent05-pat,
author = "{Ко\-валь~В.М.} and {Кривонос~Ю.Г.} and {Сав'як~В.В.} and {Сер\-гі\-єн\-ко~І.В.}",
title = "Патент України, Патент на корисну модель",
journal = "№18075, UA, МПК (2006), G06F1/100, u 2006 05430 від 18.05.06 Багатопроцесорна обчислювальна система",
year = "2006",
language = "ukrainian"
}

@article{patent-art,
author = "{Булавєнко~О.М.} and {Любарський~В.Ф.} and {Ряб\-чун~С.Г.} and {Яку\-ба~А.О.}",
title = "Багатопроцесорна обчислювальна система",
journal = "Патент на корисну модель №44229",
volume  = "4",
year = "25.09.2009, бюл.18",
language = "ukrainian"
}

@article{scit-project-art2,
author = "{Ко\-валь~В.М.} and {Сер\-гі\-єн\-ко~І.В.}",
title = "СКІТ — український суперкомп’ютерний проект",
journal = "Вісник НАН України",
volume  = "8",
year = "2005",
pages = "3--13",
language = "ukrainian"
}/

@article{boib-art,
author = "{Горенко~С.А.} and {Го\-ло\-вин\-ский~А.Л.} and {Ряб\-чун~С.Г.}",
title = "Построение суперкомпьютера кластерной архитектуры без ис\-поль\-зо\-ва\-ния се\-ти Ether\-net",
journal = "Искусственный интеллект",
volume  = "4",
year = "2008",
pages = "643--647",
language = "russian"
}

@article{srp-art,
author = "{Бандура~А.Ю.} and {Го\-ло\-вин\-ский~А.Л.} and {Ряб\-чун~С.Г.}",
title = "Построение высокопроизводительной дисковой подсистемы для суперкомпьютеров кластерной архитектуры",
journal = "Искусственный интеллект",
volume  = "3",
year = "2008",
pages = "611--618",
language = "russian"
}


@inproceedings{50anniv-art,
author = "{Ряб\-чун~С.Г.} and {Го\-ло\-вин\-ский~А.Л.}",
title = "Перспективы развития суперкомпьютеров кластерной архитектуры в Украине",
booktitle = "Праці конференції ''50 років інституту кібернетики імені В.М. Глушкова НАН України''",
year = "2008",
pages = "236--241",
language = "russian"
}

@article{portal-art,
author = "{Яку\-ба~А.А.} and {Го\-ло\-вин\-ский~А.Л.} and {Бан\-ду\-ра~А.Ю.} and {Горенко~С.А.} and {Ефременюк~Д.А.}",
title = "Портал кластерных вычислений для управления вычислительными процессами на суперкомпьютерном комплексе",
journal = "Кибернетика и системный анализ",
volume  = "6",
year = "2009",
pages = "97--105",
language = "russian"
}


@inproceedings{portal-metacluster-gergel-1,
author = "{Кустикова~В.Д.} and {Сенин~А.В.}",
title = "Интеграция системы управления кластерами «Метакластер» с планировщиком Maui",
booktitle = "Материалы конференции ''Технологии Microsoft в теории и практике программирования''",
addess = "Н. Новгород",
year = "2008",
language = "russian"
}


@inproceedings{portal-metacluster-gergel-2,
author = "{Лозгачев~И.Н.} and {Сенин~А.В.}",
title = "Мониторинг высокопроизводительных вычислений в рамках системы управления кластерами «Метакластер»",
booktitle = "Материалы конференции «Технологии Microsoft в теории и практике программирования»",
addess = "Н. Новгород",
year = "2008",
language = "russian"
}

@inproceedings{portal-metacluster-gergel-3,
author = "{Кустикова~В.Д.} and {Линев~А.В.} and {Лоз\-га\-чев~И.Н.}",
title = "Организация взаимодействия с различными системами уп\-рав\-ле\-ния кластерами в рамках программного комплекса для квантово-ме\-ха\-ни\-чес\-ких рас\-че\-тов и моделирования наноразмерных атомно-мо\-ле\-ку\-ляр\-ных сис\-тем и комплексов",
booktitle = "Материалы Девятой Международной конференции-семинара «Вы\-со\-ко\-про\-из\-во\-ди\-тель\-ные па\-ра\-лле\-ль\-ные вычисления на кластерных системах»",
addess = "Владимир",
year = "2009",
language = "russian"
}

@article{portal-metacluster-gergel-4,
author = "{В.П.~Гергель} and {А.В.~Сенин}",
title = "Разработка системы управления интегрированной средой высокопроизводительных вычислений «Метакластер»",
journal = "Вестник Нижегородского университета им. Н.И. Лобачевского",
volume  = "6",
year = "2010",
pages = "186--194",
language = "russian",
annotation = "Рассмотрено текущее состояние системы управления интегрированной средой высокопроизводительных вычислений «Метакластер». Описаны основные особенности системы, компонентная архитектура и особенности реализации ключевых функций"
}

@article{getero-art,
author = "{Го\-ло\-вин\-ский~А.Л.} and {Ряб\-чун~С.Г.} and {Яку\-ба~А.А.}",
title = "Гетерогенный кластерный комплекс Института кибернетики НАН Украины: средства построения",
journal = "Искусственный интеллект",
volume  = "3",
year = "2006",
pages = "107--112",
language = "russian"
}

@article{getero-taganrog-art,
author = "{Го\-ло\-вин\-ский~А.Л.} and {Ряб\-чун~С.Г.} and {Яку\-ба~А.А.}",
title = "Средства построения гетерогенного кластерного комплекса",
journal = "Изв. Таганрогского государственного радиотехнического университета",
volume  = "71",
number = "16",
year = "2006",
pages = "4--11",
language = "russian"
}


@inproceedings{building,
author = "{Го\-ло\-вин\-ский~А.Л.} and {Ряб\-чун~С.Г.} and {Яку\-ба~А.А.}",
title = "Гетерогенный кластерный комплекс Института кибернетики НАН Украины: средства построения",
booktitle = "Материалы Третьей Международной научной молодежной школы ''Высокопроизводительные вычислительные системы''",
addess = "Москва-Ростов-на-Дону-Таганрог",
year = "2006",
pages = "133--137",
language = "russian"
}

@article{process-art,
author = "{Ко\-валь~В.Н.} and {Ряб\-чун~С.Г.} and {Сергиенко~И.В.} and {Яку\-ба~А.А.}",
title = "Суперкомпьютерные кластерные системы - организация вычислительного процесса",
journal = "Проблеми програмування, Ін-т програмних систем НАНУ, Київ",
volume  = "2--3",
year = "2006",
pages = "197--210",
language = "ukrainian"
}

@inproceedings{supercomp-architecture-proceed,
author = "{Go\-lo\-vyn\-skyi~A.L.} and {Ryab\-chun~S.G.} and {Yakuba~A.A.}",
title = "Cluster supercomputer architecture",
booktitle = "Proceedings of the Intern. Conf. KDS'2006",
year = "2006",
pages = "112--118",
language = "english"
}

@article{supercomp-architecture-art,
author = "{Go\-lo\-vyn\-skyi~A.L.} and {Ryab\-chun~S.G.} and {Yakuba~A.A.}",
title = "Cluster supercomputer architecture",
journal = "Information Theories and App\-li\-ca\-ti\-ons",
volume = "14",
year = "2007",
pages = "374--381",
language = "english"
}

@inproceedings{policy,
author = "{Go\-lo\-vyn\-skyi~A.L.} and {Ryab\-chun S.G.} and {Yakuba~A.A.}",
title = "Safety policy problems of cluster supercomputers",
booktitle = "Proceedings of the Intern. Conf. KDS'2007",
address = "Varna, Bulgaria",
year = "2007",
language = "english"
}

@article{security-art,
author = "{Го\-ло\-вин\-ский~А.Л.} and {Ряб\-чун~С.Г.} and {Яку\-ба~А.А.}",
title = "Проблемы политики безопасности кластерного комплекса",
journal = "Управляющие системы и механизмы",
volume  = "4",
year = "2007",
pages = "22--27",
language = "russian"
}

@inproceedings{monitoring,
author = "{Ряб\-чун~С.Г.} and {Яку\-ба~А.А.}",
title = "Мониторинг кластерных комплексов петафлопсного диапазона. Проблемы и методы решения",
booktitle = "Материалы Международной конференции ''Ис\-кус\-ствен\-ный интеллект. Ин\-тел\-лек\-ту\-аль\-ные системы ИИ-2008''",
address = "Донецк-Таганрог-Минск",
volume  = "2",
year = "2008",
pages = "368--370",
language = "russian"
}

@article{reaktiv,
author = "{Го\-ло\-вин\-ский~А.Л.} and {Чеботарев~А.Н.}",
title = "Доказательное проектирование алгоритмов функционирования реактивных систем",
journal = "Ис\-кусс\-тве\-нный интеллект",
volume  = "3",
year = "2008",
pages = "771--780",
language = "russian"
}

@article{grid-petrenko,
author = "{Петренко~А.І.}",
title = "Національна Grid-інфраструктура для забезпечення наукових досліджень і освіти",
journal = "Системні дослідження і інформаційні технології",
volume  = "1",
year = "2008",
pages = "79--92",
language = "ukrainian"
}

@article{grid-zagorodriy,
author = "{Zagorodny~A.} and {Zgu\-rov\-sky~M.} and {Zinovjev~G.} and {Petrenko~A.} and {Martynov~E.}",
title = "Integrating Ukraine into European Grid Infrastructure",
journal = "Системні дослідження і інформаційні технології",
volume  = "2",
year = "2009",
pages = "35--49",
language = "ukrainian"
}

@article{grid-zgurovskiy-1,
author = "{Згуровский~М.З.} and {Петренко~А.І.}",
title = "Е-наука на шляху до семантичного Грід. Частина 1: Об’єд\-на\-ння Web-  і  Грід- технологій",
journal = "Системні дослідження і інформаційні технології",
volume  = "1",
year = "2010",
pages = "26--38",
language = "ukrainian"
}

@article{grid-zgurovskiy-2,
author = "{Згуровский~М.З.} and {Петренко~А.І.}",
title = "Е-наука на шляху до семантичного Грід. Частина 2: Об’єд\-на\-ння Web-  і  Грід- технологій",
journal = "Системні дослідження і інформаційні технології",
volume  = "2",
year = "2010",
pages = "7--25",
language = "ukrainian"
}

@inproceedings{steking,
author = "{Рубин~Ю.В.} and {Белоус~Л.Ф.} and {Го\-ло\-вин\-ский~А.Л.} and {Яку\-ба~А.А.} and {Савин~Ю.В.}",
title = "Компьютерное моделирование электронной и молекулярной структуры фрагментов М-ДНК: стекинг димеров и тримеров",
booktitle = "Труды международной научной конференции ''Параллельные вычислительные технологии ПаВТ'2009''",
address = "Челябинск: Изд. ЮУрГУ",
year = "2009",
language = "russian"
}

@inproceedings{cluster-stats,
author = "{Го\-ло\-вин\-ський~А.Л.} and {Бандура~О.Ю.} and {Яку\-ба~А.О.}",
title = "Аналіз статистики використання суперкомп'ютера СКІТ Ін\-сти\-ту\-ту кібернетики",
booktitle = "Тези доповідей міжнародної конференції ''Теоретичні та прикладні аспекти побудови програмних систем TAAPSD'2009''",
year = "2009",
pages = "89--91",
language = "ukrainian"
}

@inproceedings{cluster-grid-management-system,
author = "{Го\-ло\-вин\-ський~А.Л.} and {Яку\-ба~А.О.}",
title = "Система керування обчислювальним процесом суперкомп'ютера та гріду",
booktitle = "Тези доповідей міжнародної конференції ''Теоретичні та прикладні аспекти побудови програмних систем TAAPSD'2009''",
year = "2009",
pages = "81--82",
language = "ukrainian"
}


@inproceedings{transport,
author = "{Го\-ло\-вин\-ский~А.Л.} and {Ма\-лен\-ко~А.Л.}",
title = "Применение суперкомпьютерных технологий",
booktitle = "Зб. наукових праць міжнародної конференції ''Сучасні інформаційні та інноваційні технології на транспорті МІNTT-2010''",
address = "Херсон",
volume  = "1",
year = "2010",
pages = "42--46",
language = "russian"
}

@inproceedings{grid,
author = "{Бандура~А.Ю.} and {Горенко~С.А.} and {Лавренюк~С.И.}",
title = "Сравнение и выбор GRID-инфраструктуры",
booktitle = "Зб. наукових праць міжнародної науково-практичної конференції 50-річчю створення першої на Україні кафедри обчислювальної техніки ''Розподілені комп'ютерні системи РКС-2010''",
address = "Київ",
year = "2010",
language = "russian"
}

@article{web,
author = "{Го\-ло\-вин\-ський~А.Л.}",
title = "Графічний інтерфейс суперкомп'ютера на основі веб-тех\-но\-ло\-гій",
journal = "Управляющие системы и механизмы",
volume  = "3",
year = "2010",
pages = "54--58",
language = "ukrainian"
}

@inproceedings{web-portal-abrau,
author = "{Го\-ло\-вин\-ский~А.Л.} and {Белоус~Л.Ф.}",
title = "Веб-портал системы управления суперкомпьютером",
booktitle = "Сб. трудов ХІІ международной конференции серии ''Научный сервис в сети Интернет''",
address = "п. Абрау-Дюрсо, Россия",
year = "2010",
language = "russian"
}

@article{web-portal,
author = "{Го\-ло\-вин\-ский~А.Л.} and {Белоус~Л.Ф.} and {Ма\-лен\-ко~А.Л.}",
title = "Веб-портал системы управления суперкомпьютером",
journal = "Вычислительные методы и прог\-ра\-м\-ми\-ро\-ва\-ние",
volume = "11/7",
year = "2010",
language = "russian"
}


@inproceedings{clustrx,
author = "{Ряб\-чун~С.Г.}",
title = "CLUSTRX -- перспективные подходы к созданию ОС суперкомпьютера",
booktitle = "Сб. трудов ХІІ международной конференции серии ''Научный сервис в сети Интернет''",
address = "п. Абрау-Дюрсо, Россия",
year = "2010",
language = "russian"
}

@article{flatt,
author = "{Karp~A.H.} and {Flatt~H.P.}",
title = "Measuring Parallel Processor Performance",
journal = "Communication of the ACM",
volume = "33",
year = "1990",
pages = "412--422",
language = "ukrainian" }

@inproceedings{inparcom,
author = "{Семеренко~В.Р.} and {Фальфушинский~В.В.} and {Ющенко~Р.А.}",
title = "Построение системы управления заданиями для кластеров семейства Инпарком",
booktitle = "Труды международной конференции TAAPSD’2006",
address = "Киев",
year = "2006",
pages = "65--69",
language = "russian" }

@inproceedings{inparcom2,
author = "{Ющенко~Р.А.}",
title = "Система управления кластером для комплексов семейства Инпарком",
booktitle = "Проблеми програмування №2-3",
year = "2010",
pages = "155--161",
language = "ukrainian" }


@inproceedings{clustrx-art,
author = "{Ряб\-чун~С.Г} and {Федюков~Д.А.}",
title = "CLUSTRX – перспективные подходы к созданию операционной системы суперкомпьютера",
booktitle = "Сб. трудов ХІІ международной конференции серии ''Научный сервис в сети Интернет''",
address = "п. Абрау-Дюрсо, Россия",
year = "2010",
language = "russian" }

@inproceedings{amdal,
author = "{G.~Amdahl}",
title = "Validity of the Single Processor Approach to Achieving Large-Scale Computing Capabilities",
booktitle = "AFIPS Conference Proceedings",
volume = "30",
year = "1967",
pages = "483--485",
language = "ukrainian" }

@inproceedings{grid-stirenko,
author = "{Стиренко~С.Г.} and {Поспешный~А.С.} and {Ба\-ра\-баш~М.А.}",
title = "Информационные сервисы GRID-систем. Их недостатки и семантический поход к их решению",
booktitle = "Збірник праць ювілейної міжнародної науково-практичної конференції, що присвячена 50-річчю створення першої на Україні кафедри обчислювальної техніки «Розподілені комп’ютерні системи»",
year = "2010",
pages = "26--28",
language = "russian" }


@article{cluster-power-saving,
author = "{Manuel F.~Dolz} and {Juan C.~Fernandez} and {Rafael Mayo} and {Enrique S.~Quintana-Orti}",
title = "Energy Saving Cluster Roll: power saving system for clusters",
journal = "Lecture notes in Computer Science",
volume = "5974/2010",
year = "2010",
pages = "162--173",
language = "ukrainian" }

@article{cluster-predicting-resource-utilisation,
author = "{S.I.~Lavreniuk} and {O.L.~Perevozchikova}",
title = "Identifying the optimal method of predicting the utilization of cluster resources and grid nodes",
journal = "Cybernetics and Systems Analysis",
volume = "47",
year = "2011",
pages = "311--315",
language = "ukrainian" }

@article{cluster-intelogent-software-tools,
author = "{I.V.~Ser\-gi\-en\-ko} and {I.N.~Mol\-cha\-nov} and {A.N.~Khi\-mich}",
title = "Intelligent technologies of high-performance computing",
journal = "Cybernetics and Systems Analysis",
volume = "46",
year = "2010",
pages = "833--844",
language = "ukrainian" }

@article{cluster-mass-data-processing,
author = "{O.L.~Perevozchikova} and {V.G.~Tulchinsky} and {R.A.~Yushchenko}",
title = "Design and optimization of parallel computers for processing mass data",
journal = "Cybernetics and Systems Analysis",
volume = "42",
year = "2006",
pages = "559--569",
language = "ukrainian" }

@article{cluster-geo-data-processing,
author = "{V.G.~Tulchinsky} and {P.G.~Tulchinsky}",
title = "Application of SCIT supercomputers to develop and execute parallel geophysical programs",
journal = "Cybernetics and Systems Analysis",
volume = "45",
year = "2009",
pages = "902--915",
language = "ukrainian" }

@article{cluster-disaster-proof-distributed-cluster,
author = "{Лисецкий~Ю.М.}",
title = "Катастрофустойчивые решения. Пример построения территориально распределенной кластерной системы",
journal = "Уп\-рав\-ля\-ю\-щие системы и механизмы",
volume = "1",
year = "2010",
pages = "19--23",
language = "russian",
annotation = "Представлено построение катастрофоустойчивой кластерной системы для системы автоматизации банка. Сформулирован набор требований к территориально распределенным кластерным системам соответствующей инфраструктуры. Приведена последовательность задач, решаемых в ходе их интеграции. Описан опыт реализации проекта для «Государственного экспортно-импортного банка Украины». Ил.: 1. Библиогр.: 5 назв." }

@article{cluster-security-policy,
author = "{Мухин~В.Е.} and {Волокита~А.М.}",
title = "Разработка и реализация политики безопасности в распределенных компьютерных системах",
journal = "Управляющие системы и механизмы",
volume = "3",
year = "2010",
pages = "78--85",
language = "russian",
annotation = "Рассмотрены общие принципы построения и основные элементы модели политики безопасности компьютерных систем, определены потенциальные угрозы их безопасности, сформулирован и обоснован основной принцип политики безопасного администрирования. Ил.: 1. Библиогр.: 9 назв." }


@article{cluster-uacluster,
author = "{Марьяновский~В.А.} and {Погорелый~С.Д.} and {Бой\-ко~Ю.В.} and {Грязнов~Д.Б.} and {Ломакин~А.Д.}",
title = "Программное обеспечение UACLUSTER",
journal = "Управляющие системы и механизмы",
volume = "5",
year = "2009",
pages = "76--80",
language = "russian",
annotation = "Предложена методика проведения кластерных вычислений в организации без выделения дополнительных вычислительных ресурсов и создано программное обеспечение подержи этой методики. Предусмотрен универсальный метод управления режимами работы кластерной системы. Создан механизм временной приостановки кластерных вычислений и их возобновления. Ил.: 2. Библиогр.: 5 назв." }

@article{scheduling-algorithms-gergel,
author = "{Гергель~В.П.} and {По\-ле\-жа\-ев~П.Н.}",
title = "Tеоретические основы экспериментального исследования алгоритмов планирования задач для вычислительного кластера с помощью симулятора",
journal = "Вестник Оренбургского государственного университета",
volume = "9",
year = "2010",
pages = "115--121",
language = "russian",
annotation = "Представлены теоретические основы экспериментального исследования алгоритмов планирования задач для вычислительного кластера, выполняемого с помощью си мулятора кластера и его управляющей системы. Разработаны модели вычислительного класте ра, его управляющей системы и вычислительной загрузки, а также система критериев и метрик сравнения алгоритмов планирования" }

@article{gpu-optimizing,
author = "{Галимов~М.Р.} and {Биряльцев~Е.В.}",
title = "Некоторые технологические аспекты применения высокопроизводительных вычислений на графических процессорах в прикладных программных системах",
journal = "Вычислительные методы и программирование",
volume = "11",
year = "2010",
pages = "77--93",
language = "russian",
annotation = "Рассмотрено решение задачи моделирования естественного микросейсмического поля численным методом с использованием различных технологий высокопроизводительных вычислений, а именно: вычислений на графических процессорах (ГПУ) и суперкомпьютере МВС-100К. Проведено сравнение производительности рассмотренных технологий (CUDA/JCuda, OpenCL) при выполнении на одной и нескольких видеокартах. Приведены оценки эффективности различных методов оптимизации программ на графических процессорах. Изучен вопрос одновременного выполнения вычислений на нескольких видеокартах, распределенных в сети (кластер ГПУ), с использованием технологий межсетевого взаимодействия (MPI, MPJ, GridGain) для обеспече- ния синхронизации данных"}


@article{gpu-molecular-dynamics,
author = "{Боярченков~А.С.} and {Поташников~С.И.}",
title = "Использование графических процессоров и технологии CUDA для задач молекулярной динамики ",
journal = "Вычислительные методы и программирование",
volume = "10",
year = "2009",
pages = "9--23",
language = "russian",
annotation = "Рассмотрена параллельная реализация расчета парных межчастичных взаимодействий в методе молекулярной динамики при нулевых граничных условиях на графических процессорах с применением платформы NVIDIA CUDA. Впервые предложена эффективная реализация с использованием третьего закона Ньютона на основе технологии CUDA. Предложены приемы оптимизации кода. На видеокарте NVIDIA GeForce 8800 GTX по сравнению со скалярной версией на процессоре AMD Athlon64 2.1 ГГц достигнуто ускорение до 660 раз для системы из 49152 частиц"}


@inproceedings{pbs-scheduler,
author = "{Brett Bode} and {David M.~Halstead} and {Ricky Kendall} and {Zhou Lei}",
title = "The portable batch scheduler and the maui scheduler on linux clusters",
booktitle = "ALS'00 Proceedings of the 4th annual Linux Showcase and Conference",
volume = "4",
year = "2000",
pages = "27--36",
language = "ukrainian" }

@inproceedings{scheduling-simulation,
author = "{По\-ле\-жа\-ев~П.Н.}",
title = "Исследование алгоритмов планирования параллельных задач для кластерных вычислительных систем с помощью симулятора",
booktitle = "Труды международной конференции ''Параллельные вычислительные технологии ПАВТ’2010''",
year = "2010",
pages = "287--298",
language = "russian" }


@inproceedings{scheduling-job-characteristics,
author = "{Kento Aida}",
title = "Effect of Job Size Characteristics on Job Scheduling Performance",
booktitle = "PDPS'00/JSSPP'00 Proceedings of the Workshop on Job Scheduling Strategies for Parallel Processing",
year = "2000",
pages = "1--17",
language = "ukrainian" }


@inproceedings{hpcua-scheduling,
author = "{Го\-ло\-вин\-ський~А.Л.} and {Ма\-лен\-ко~А.Л.}",
title = "Аналіз ефективності планувальників черги задач для суперкомп'ютера з кластерною архітектурою",
booktitle = "Матеріали конференції ''Ви\-со\-ко\-про\-дук\-тив\-ні обчислення HPC-UA 2011''",
year = "2011",
pages = "64--69",
language = "ukrainian" }

@inproceedings{hpcua-gpu,
author = "{Го\-ло\-вин\-ський~А.Л.} and {Ма\-лен\-ко~А.Л.} and {Горенко~С.О.} and {Бандура~О.Ю.}",
title = "Архітектура GPU вузлів обчислювального кластера",
booktitle = "Матеріали конференції ''Ви\-со\-ко\-про\-дук\-тив\-ні обчислення HPC-UA 2011''",
year = "2011",
pages = "70--75",
language = "ukrainian" }

@inproceedings{hpcua-cooling,
author = "{Го\-ло\-вин\-ський~А.Л.} and {Ма\-лен\-ко~А.Л.}",
title = "Сучаснi методи охолодження суперкомп’ютерних центрiв",
booktitle = "Матеріали конференції ''Ви\-со\-ко\-про\-дук\-тив\-ні обчислення HPC-UA 2014''",
year = "2014",
pages = "32--40",
language = "ukrainian" }




@inproceedings{scms-congress2011,
author = "{Го\-ло\-вин\-ський~А.Л.} and {Ма\-лен\-ко~А.Л.} and {Че\-ре\-пи\-нець~В.В.}",
title = "Система керування суперкомп'ютером з підтримкою роботи у гріді SCMS~4.0",
booktitle = "Матеріали міжнародного наукового конгресу з розвитку ін\-фор\-ма\-цій\-но-ко\-му\-ні\-ка\-цій\-них технологій та розбудови інформаційного суспільства в Україні",
year = "2011",
pages = "28--29",
language = "ukrainian" }

@inproceedings{alishov,
author = "{Palagin~A.} and {Alishov~N.} and {Markowsky~G.} and {Sachenko A.}",
title = "Security tools for Grid-systems",
booktitle = "Proc. of Intern. Conf. on Security and Management SAM",
year = "2007",
pages = "467--473",
language = "ukrainian" }


@misc{illiac4,
title = "ILLIAC 4",
howpublished = "портал [Електронний ресурс], дата звертання: \todayiso",
note = "Режим доступу: \url{http://ed-thelen.org/comp-hist/vs-illiac-iv.html}"
}

@misc{infiniband,
title = "InfiniBand",
howpublished = "портал [Електронний ресурс], дата звертання: \todayiso",
note = "Режим доступу: \url{http://en.wikipedia.org/wiki/InfiniBand}"
}

@misc{top500,
title = "Top 500",
howpublished = "портал [Електронний ресурс], дата звертання: \todayiso",
note = "Режим доступу: \url{http://www.top500.org/project/introduction}"
}

@misc{openvz,
title = "OpenVZ Home",
howpublished = "портал [Електронний ресурс], дата звертання: \todayiso",
note = "Режим доступу: \url{http://openvz}"
}

@misc{tb2,
title = "T-Blade 2: на лезвии прогресса",
howpublished = "портал [Електронний ресурс], дата звертання: \todayiso",
note = "Режим доступу: \url{http://www.t-platforms.ru/}",
language = "ukrainian"
}

@misc{aurora,
title = "AURORA: Some have more power",
howpublished = "портал [Електронний ресурс], дата звертання: \todayiso",
note = "Режим доступу: \url{http://www.eurotech.com/en/hpc/aurora}"
}

@misc{panasas,
title = "Panasas architecture",
howpublished = "портал [Електронний ресурс], дата звертання: \todayiso",
note = "Режим доступу: \url{http://www.panasas.com/architecture.html}"
}

@misc{lustre,
title = "Lustre FS",
howpublished = "портал [Електронний ресурс], дата звертання: \todayiso",
note = "Режим доступу: \url{http://clusterfs.com}"
}

@misc{hybrid_mpi,
author = "{Yun He.} and {Chris Ding}",
title = "Hybrid OpenMP, MPI Programming, Tuning, Lawrence Berkeley National Laboratory",
year = "NUG 2004"
}

@misc{winhpc,
title = "Windows HPC product Information",
howpublished = "портал [Електронний ресурс], дата звертання: \todayiso",
note = "Режим доступу: \url{http://www.microsoft.com/hpc/}"
}

@misc{nagios,
title = "Nagios",
howpublished = "портал [Електронний ресурс], дата звертання: \todayiso",
note = "Режим доступу: \url{http://support.nagios.com/knowledgebase}"
}

@misc{ganglia,
title = "Ganglia Monitoring System",
howpublished = "портал [Електронний ресурс], дата звертання: \todayiso",
note = "Режим доступу: \url{http://ganglia.sourceforge.net}"
}

@misc{vsphere,
title = "VMware vSphereTM",
howpublished = "портал [Електронний ресурс], дата звертання: \todayiso",
note = "Режим доступу: \url{http://www.vmware.com/products/vsphere}"
}

@misc{ssh,
title = "SSH",
howpublished = "портал [Електронний ресурс], дата звертання: \todayiso",
note = "Режим доступу: \url{http://ru.wikipedia.org/wiki/ssh}"
}

@misc{openssh,
title = "OpenSSH",
howpublished = "портал [Електронний ресурс], дата звертання: \todayiso",
note = "Режим доступу: \url{http://www.openssh.com/ru/index.html}"
}

@misc{putty,
title = "PuTTY Homepage",
howpublished = "портал [Електронний ресурс], дата звертання: \todayiso",
note = "Режим доступу: \url{http://www.chiark.greenend.org.uk/~sgtatham/putty}"
}

@misc{mc,
title = "Midnight Commander homepage",
howpublished = "портал [Електронний ресурс], дата звертання: \todayiso",
note = "Режим доступу: \url{http://www.ibiblio.org/mc}"
}

@misc{ldap,
title = "LDAP",
howpublished = "портал [Електронний ресурс], дата звертання: \todayiso",
note = "Режим доступу: \url{http://ru.wikipedia.org/wiki/LDAP}"
}

@misc{pam,
title = "PAM",
howpublished = "портал [Електронний ресурс], дата звертання: \todayiso",
note = "Режим доступу: \url{http://www.freebsd.org.ua/doc/ru_RU.KOI8-R/articles/pam/index.html}"
}

@misc{ipmi,
title = "IPMI",
howpublished = "портал [Електронний ресурс], дата звертання: \todayiso",
note = "Режим доступу: \url{http://www.intel.com/design/servers/ipmi/}"
}

@misc{nfs-rdma,
title = "NFS-RDMA",
howpublished = "портал [Електронний ресурс], дата звертання: \todayiso",
note = "Ре\-жим доступу: \url{http://www.mellanox.com/}"
}

@misc{ajax,
title = "Ajax",
howpublished = "портал [Електронний ресурс], дата звертання: \todayiso",
note = "Режим доступу: \url{http://en.wikipedia.org/wiki/Ajax_(programming)}"
}

@misc{mysql,
title = "MySQL",
howpublished = "портал [Електронний ресурс], дата звертання: \todayiso",
note = "Режим доступу: \url{http://ru.wikipedia.org/wiki/MySQL}"
}

@misc{ssl,
title = "SSL",
howpublished = "портал [Електронний ресурс], дата звертання: \todayiso",
note = "Режим доступу: \url{http://ru.wikipedia.org/wiki/SSL}"
}

@misc{slurm,
title = "SLURM",
howpublished = "портал [Електронний ресурс], дата звертання: \todayiso",
note = "Режим доступу: \url{https://computing.llnl.gov/linux/slurm/overview.html}"
}

@misc{torque,
title = "TORQUE Resource Manager",
howpublished = "портал [Електронний ресурс], дата звертання: \todayiso",
note = "Режим доступу: \url{http://www.clusterresources.com}"
}

@misc{linux_ha,
title = "Linux HA",
howpublished = "портал [Електронний ресурс], дата звертання: \todayiso",
note = "Режим доступу: \url{http://www.linux-ha.org}"
}

@misc{netperf,
title = "Netperf",
howpublished = "портал [Електронний ресурс], дата звертання: \todayiso",
note = "Режим доступу: \url{http://www.bog.pp.ru/work/network_performance.html}"
}

@misc{nordu,
title = "Nordugrid",
howpublished = "портал [Електронний ресурс], дата звертання: \todayiso",
note = "Режим доступу: \url{http://www.nordugrid.org}"
}

@misc{globus,
title = "Globus Toolkit",
howpublished = "портал [Електронний ресурс], дата звертання: \todayiso",
note = "Режим доступу: \url{http://gdp.globus.org/gt4-tutorial/multiplehtml/index.html}"
}

@misc{iptables,
title = "Руководство по iptables",
howpublished = "портал [Електронний ресурс], дата звертання: \todayiso",
note = "Режим доступу: \url{http://www.opennet.ru/docs/RUS/iptables}",
language = "ukrainian"
}

@misc{green500,
title = "Green500",
howpublished = "портал [Електронний ресурс], дата звертання: \todayiso",
note = "Режим доступу: \url{http://www.green500.org/}",
language = "ukrainian"
}

@misc{servnet,
title = "Сервісна мережа ServNet",
howpublished = "портал [Електронний ресурс], дата звертання: \todayiso",
note = "Режим доступу: \url{http://skif.pereslavl.ru/}",
language = "ukrainian"
}

@misc{tblade2-gpu,
title = "TBlade2-GPU",
howpublished = "портал [Електронний ресурс], дата звертання: \todayiso",
note = "Режим доступу: \url{http://www.t-platforms.ru/}",
language = "ukrainian"
}

@misc{amd-acml,
title = "Математична бібліотека AMD ACML",
howpublished = "портал [Електронний ресурс], дата звертання: \todayiso",
note = "Режим доступу: \url{http://www.amd.com/acml/}",
language = "ukrainian"
}

@misc{intel-mkl,
title = "Intel MKL",
howpublished = "портал [Електронний ресурс], дата звертання: \todayiso",
note = "Режим доступу: \url{http://software.intel.com/en-us/articles/intel-mkl/}",
language = "ukrainian"
}

@misc{sun-grid-engine,
title = "Sun Grid Engine",
howpublished = "портал [Електронний ресурс], дата звертання: \todayiso",
note = "Режим доступу: \url{http://www.oracle.com/us/products/tools/}",
language = "ukrainian"
}

@misc{rocks-clusters,
title = "Rocks Clusters",
howpublished = "портал [Електронний ресурс], дата звертання: \todayiso",
note = "Режим доступу: \url{http://www.rocksclusters.org/}",
language = "ukrainian"
}

@misc{moab,
title = "Moab",
howpublished = "портал [Електронний ресурс], дата звертання: \todayiso",
note = "Режим доступу: \url{http://www.adaptivecomputing.com/products/}",
language = "ukrainian"
}

@misc{ic,
title = "Кластерний комплекс СКІТ",
howpublished = "портал [Електронний ресурс], дата звертання: \todayiso",
note = "Режим доступу: \url{http://icybcluster.org.ua}",
year = "2017",
language = "ukrainian"
}

@misc{ilt,
title = "Грід-кластер ФТІНТ НАНУ",
howpublished = "портал [Електронний ресурс], дата звертання: \todayiso",
note = "Режим доступу: \url{http://ds0.ilt.kharkov.ua}",
language = "ukrainian"
}

@misc{isma,
title = "Кластер ІСМА НАНУ",
howpublished = "портал [Електронний ресурс], дата звертання: \todayiso",
note = "Режим доступу: \url{http://grid.isma.kharkov.ua/}",
language = "ukrainian"
}

@misc{chroot,
title = "Сhroot",
howpublished = "портал [Електронний ресурс], дата звертання: \todayiso",
note = "Режим доступу: \url{http://ru.wikipedia.org/wiki/Chroot}",
language = "ukrainian"
}

@misc{altlinux,
title = "Alt Linux",
howpublished = "портал [Електронний ресурс], дата звертання: \todayiso",
note = "Режим доступу: \url{http://www.altlinux.ru/}",
language = "ukrainian"
}

@misc{centos,
title = "CentOS Linux",
howpublished = "портал [Електронний ресурс], дата звертання: \todayiso",
note = "Режим доступу: \url{http://www.centos.org/}",
language = "ukrainian"
}

@misc{sci,
title = "Інтерконект SCI",
howpublished = "портал [Електронний ресурс], дата звертання: \todayiso",
note = "Режим доступу: \url{http://ru.wikipedia.org/wiki/SCI}",
language = "ukrainian"
}

@misc{ecophlex,
title = "Технологія Cray Ecophlex",
howpublished = "портал [Електронний ресурс], дата звертання: \todayiso",
note = "Режим доступу: \url{http://www.cray.com/Assets/PDF/products/xt/whitepaper_ecophlex.pdf}",
language = "ukrainian"
}

@misc{beowulf,
title = "Кластерна архітектура Beowulf",
howpublished = "портал [Електронний ресурс], дата звертання: \todayiso",
note = "Режим доступу: \url{http://www.beowulf.org/}",
language = "ukrainian"
}

@misc{top50,
title = "Top 50",
howpublished = "портал [Електронний ресурс], дата звертання: \todayiso",
note = "Режим доступу: \url{http://supercomputers.ru/}",
year = "2017"
}

@misc{nvidia,
title = "NVidia",
howpublished = "портал [Електронний ресурс], дата звертання: \todayiso",
note = "Режим доступу: \url{http://www.nvidia.com/}"
}

@misc{netlib,
title = "Netlib",
howpublished = "портал [Електронний ресурс], дата звертання: \todayiso",
note = "Режим доступу: \url{http://www.netlib.org/benchmark/hpl/faqs.html}"
}

@misc{abinit,
title = "Abinit",
howpublished = "портал [Електронний ресурс], дата звертання: \todayiso",
note = "Режим доступу: \url{http://www.abinit.org/}",
language = "ukrainian"
}

@misc{gromacs,
title = "Gromacs",
howpublished = "портал [Електронний ресурс], дата звертання: \todayiso",
note = "Режим доступу: \url{http://www.gromacs.org/}",
language = "ukrainian"
}

@misc{gamess,
title = "Gamess",
howpublished = "портал [Електронний ресурс], дата звертання: \todayiso",
note = "Режим доступу: \url{http://www.msg.ameslab.gov/gamess/}",
language = "ukrainian"
}

@misc{grid-runtime1,
title = "List of grid runtime environments",
howpublished = "портал [Електронний ресурс], дата звертання: \todayiso",
note = "Режим доступу: \url{http://gridrer.csc.fi/intro.phtml}",
language = "ukrainian"
}

@misc{grid-runtime2,
title = "Grid runtime environment",
howpublished = "портал [Електронний ресурс], дата звертання: \todayiso",
note = "Режим доступу: \url{http://www.nordugrid.org/applications/environments/}",
language = "ukrainian"
}

@article{amber-1,
author = "{ Goetz A.W. } and {M. J. Williamson } and {D. Xu} and {D. Poole} and {S. Le Grand} and {R.C. Walker}",
title = " Routine microsecond molecular dynamics simulations with AMBER - Part I: Generalized Born ",
journal = " J. Chem. Theory Comput.",
volume = "8 (No 5)",
year = "2012",
pages = "1542--1555",
language = "english",
}
@misc{amber-2,
title = "Amber Benchmarks",
howpublished = "портал [Електронний ресурс], дата звертання: \todayiso",
note = "Режим доступу: \url{http://ambermd.org/gpus/benchmarks.htm#Benchmarks}",
}

@article{gromacs-4,
author = "{ B. Hess} and {C. Kutzner} and { D. van der Spoel} and { E. Lindahl Goetz A.W. } ",
title = "Algorithms for Highly Efficient, Load-Balanced, and Scalable Molecular Simulation",
journal = " J. Chem. Theory Comput.",
volume = "8 (No 4)",
year = "2008",
pages = "435--447",
language = "english",
}
@misc{gromacsgpu,
title = "GROMACS GPU",
howpublished = "портал [Електронний ресурс], дата звертання: \todayiso",
note = "Режим доступу: \url{http://biowulf.nih.gov/apps/gromacsgpu.html}"
}
@misc{lammps,
title = "LAMMPS",
howpublished = "портал [Електронний ресурс], дата звертання: \todayiso",
note = "Режим доступу: \url{http://lammps.sandia.gov/bench.html#machine }"
}
@misc{namd-1,
title = "NAMD",
howpublished = "портал [Електронний ресурс], дата звертання: \todayiso",
note = "Режим доступу: \url{http://biowulf.nih.gov/apps/namd/namd_bench.html}"
}
@article{namd-2,
author = "{Phillips J.C.} and {Braun R.} and {Wang W.} and {Gumbart J.} and { Tajkhorshid E.} and {Villa E.} and { Chipot C.} and { Skeel R.D.} and {Kal L.} and { Schulten K.}",
title = " Scalable molecular dynamics with NAMD",
journal = " J. Chem. Theory Comput.",
volume = "26",
year = "2005",
pages = "1781--1802",
language = "english",
}
@misc{amber,
title = "AMBER",
howpublished = "портал [Електронний ресурс], дата звертання: \todayiso",
note = "Режим доступу: \url{http://ambermd.org/#obtain  }"
}
@misc{abalone,
title = "Abalone",
howpublished = "портал [Електронний ресурс], дата звертання: \todayiso",
note = "Режим доступу: \url{http://www.biomolecular-modeling.com/Abalone/index.html}"
}
@misc{ascalaph,
title = "Ascalaph",
howpublished = "портал [Електронний ресурс], дата звертання: \todayiso",
note = "Режим доступу: \url{http://www.biomolecular-modeling.com/Ascalaph/index.html}"
}
@article{mdynamix-1,
author = "{ Lyubartsev A.P. } ",
title = "MDynaMix -- A scalable portable parallel MD simulation package for arbitrary molecular mixtures",
journal = " Computer Physics Communications.",
volume = "128",
year = "2000",
pages = "565--589",
language = "english",
}

@article{lavreniuk-optimiz-obch-univ-use-opencl,
author = "{ Лавренюк~А.М.} and { Лавренюк~С.І.}",
title = "Оптимізація обчислень за допомогою універсального використання програми OPENCL з «векторними» та «скалярними» GPU",
journal = "Компьютерная математика",
volume = "1",
year = "2012",
pages = "102--110",
language = "ukrainian" 
}

@article{lavreniuk-odin-pidhid-do-univ-opencl,
author = "{Лавренюк~А.М.} and { Лавренюк~С.І.}",
title = "Один підхід до вирішення проблеми універсального використання мови програмування OPENCL на різних GPU",
journal = "Проблеми програмування",
volume = "2-3",
year = "2012",
pages = "77-84",
language = "ukrainian" 
}

@inproceedings{lavreniuk-pidhid-do-virish-prob-vibor-gpu,
author = "{Лавренюк~А.М.} and {Лавренюк~С.І.}",
title = "Підхід до вирішення проблеми вибору GPU в гетерогенному кластері для оптимізації обчислень",
booktitle = "Праці 1-ї міжнар. конф. «Кластерні обчислення» (12 - 14 червня 2012 р.) - Київ: ІК НАНУ",
year = "2012",
pages = "52--55",
language = "ukrainian" 
}

@article{marmalev-primen-cuda-dlya-3d-seism,
author = "{Мармалевский~Н.Я.} and {Мерщий~В.В.} and {Роганов~Ю.В.} and {Тульчинский~В.Г.} and {Ющенко~Р.А.}",
title = "Применение CUDA для быстрого синтеза 3D сейсмограмм по 2.5D-модели",
journal = "Вычисления в геологии",
volume = "1",
year = "2012",
pages = "26--31",
language = "ukrainian" 
}

@article{nazarenko-sravn-arch-raspr-file-system,
author = "{Назаренко~Е.В.}",
title = "Сравнение архитектуры распределенных файловых систем",
journal = "УСиМ.",
volume = "5",
year = "2012",
pages = "12--22",
language = "ukrainian" 
}


@article{tulchinskii-supercomp-huzhe-pc,
author = "{Тульчинский~В.Г.}",
title = "Когда суперкомпьютер работает хуже персоналки",
journal = "УСиМ.",
volume = "9",
year = "2012",
pages = "9--19",
language = "ukrainian" 
}

@article{tulchinskii-2.5D-modelling,
author = "{Tulchinsky~V.G.} and {Iushchenko~R.A.} and {Roganov~Y.V.}",
title = "Acceleration of 2.5D elastic anisotropic modelling",
journal = "УСиМ.",
volume = "9",
year = "2012",
pages = "9--19",
language = "ukrainian" 
}

@inproceedings{tulchinskii-acceleration-elastic,
author = "{Tulchinsky~V.G.} and {Iushchenko~R.A.} and {Roganov~Y.V.}",
title = "Acceleration of 2.5D elastic anisotropic modelling",
booktitle = "Proc. 74th EAGE Conference and Exhibition incorporating SPE EUROPEC 2012 . – Copenhagen: 2012",
year = "2012",
pages = "B005",
language = "ukrainian" 
}

@article{scit4-visnyk,
author = "{Головинський~А.Л.} and {Маленко~А.Л.} and {Сергієнко~І.В.} and {Тульчинський~В.Г.}",
title = "Енергоефективний суперкомп’ютер СКІТ-4",
journal = "Вісник НАН України",
volume = "2",
year = "2013",
pages = "50--59",
language = "ukrainian" 
}


@article{nadra3d-1,
author = "{Дейнека~В.С.} and {Сергиенко~И.В.} and {Скопецкий~В.В.}",
title = "Математические модели и методы расчета задач с разрывними решениями",
journal = "Киев: Наук. думка",
volume = "1",
year = "1995",
pages = "262",
language = "russian" 
}


@article{nadra3d-2,
author = "{Белоус~М.В.}",
title = "Конечно-элементный решатель Надра-3D",
journal = "Материалы II-й международной конференции «Кластерные вычисления",
volume = "1",
year = "2013",
pages = "40--47",
language = "russian" 
}


@article{nadra3d-3,
author = "{Баранов~А.Ю.} and {Белоус~М.В.} and {Сергиенко~И.В.} and {Химич~А.Н.}",
title = "Гибридные алгоритмы решения линейных систем для конечно-элементного моделирования процессов фильтрации",
journal = "Кибернетика и систем. анализ",
volume = "4",
year = "2015",
pages = "112--120",
language = "russian" 
}






@inproceedings{aerodyn-lab-pdcs13,
author = "{Головинский~А.} and {Шмелев~В.} and {Маленко~А.} and {Аксенов~А.}",
title = "Создание специализированного програмно-аппаратного вычислительного комплекса для решения задач аэро- и гидродинамики «Виртуальная аэродинамическая лаборатория» на базе суперкомпьютера СКИТ Института кибернетики им. В.М. Глушкова НАН Украины",
booktitle = "Праці міжнародної конференції «Паралельні та розподілені обчислювальні системи», 13-14 березня 2013 р., ІСМА, Харків, Україна",
year = "2013",
pages = "113-121",
language = "ukrainian" 
}

@inproceedings{scit-arch-pdcs13,
author = "{Комухаев~Э.И.} and {Черепинец~В.В.}",
title = "Особенности новых средств модернизации вычислительного комплекса СКИТ",
booktitle = "Праці міжнародної конференції «Паралельні та розподілені обчислювальні системи», 13-14 березня 2013 р., ІСМА, Харків, Україна",
year = "2013",
pages = "188-193",
language = "ukrainian" 
}

@inproceedings{medgrid-cc13,
author = "{С.В.~Баранник} and {А.Л.~Головинский} and {А.В.~Демин} and {А.Л.~Маленко} and {Ю.А.~Петровский}",
title = "О возможностях параллельной обработки данных в ГРИД–системе хранения медицинских изображений для повышения эффективности диагностики",
booktitle = "Праці міжнародної конференції «Кластерні обчислення», 3-5 червня 2013 р., «Львівська Політехніка», Львів, Україна",
year = "2013",
pages = "22-25",
language = "ukrainian" 
}

@inproceedings{erevan-grid-2013,
author = "{A. Malenko} and {A. Golovynskyi} and {V. Cherepynets}",
title = "IT-infrastructure as a basis of innovative development of science and industry",
booktitle = "Proceedings of the Computer Science and Information Technologies Conference, September 23-27, 2013, Yerevan, Armenia",
year = "2013",
pages = "371-372",
language = "ukrainian" 
}

@inproceedings{abrau-grid-2013,
author = "{Загородний А.Г.} and {Свистунов С.Я.} and {Белоус Л.Ф.} and {Головинский А.Л.}",
title = "Украинская национальная программа UA-Grid и ее достижения",
booktitle = "Научный сервис в сети Интернет: все грани параллелизма: Труды Международной суперкомпьютерной конференции (23-28 сентября 2013 г., г. Новороссийск)",
year = "2013",
pages = "453-457",
language = "ukrainian" 
}

@inproceedings{medgrid-hpcua13,
author = "{S.V. Barannik} and {A.L. Golovinsky} and {A.V. Dyomin} and {A.L. Malenko} and {Yu.A. Petrovsky} and {A.S. Raevsky}",
title = "On the possibilities of the interactive mode for the processing of medical data in the Grid-system for storing medical images",
booktitle = "Праці міжнародної науково-технічної конференції ''Високопродуктивні обчислення 2013'', 7-9 жовтня 2013 р., НТУУ «КПІ», Київ, Україна",
year = "2013",
pages = "45-47",
language = "ukrainian" 
}

@inproceedings{hpc-trends-hpcua13,
author = "{Комухаєв Е.Г.} and {Черепинець В.В.}",
title = "Суперкомп’ютери: ріст показників, розвиток технологій та застосувань",
booktitle = "Праці міжнародної науково-технічної конференції ''Високопродуктивні обчислення 2013'', 7-9 жовтня 2013 р., НТУУ «КПІ», Київ, Україна",
year = "2013",
pages = "203-206",
language = "ukrainian" 
}

@inproceedings{medgrid-inbook-2013,
author = "{Баранник С.В.} and {Головинский А.Л.} and {Демин А.В.} and {Маленко А.Л.}",
title = "ГРИД-система хранения медицинских изображений – еще один пример переноса технологий из физики в медицину",
booktitle = "Тенденции развития сцинтилляционной техники, Харьков, «ИСМА»",
year = "2013",
pages = "205-213",
language = "ukrainian" 
}



@inproceedings{golovynskyi-pavt-scms,
author = "{А.Л.~Головинський} and {А.Л.~Маленко} and {Л.Ф.~Білоус} and {С.В.~Баранник}",
title = "Система управления суперкомпьютером SCMS",
booktitle = " Параллельные вычислительные технологии (ПаВТ’2012): труды международной научной конференции (Новосибирск, 26 – 30 марта 2012 г.). Челябинск: Издательский центр ЮУрГУ",
year = "2012",
pages = "421--425",
language = "ukrainian" 
}

@inproceedings{belous-abrau-scms,
author = "{Л.Ф.~Білоус} and { А.Л.~Головинський} and {А.Л.~Маленко}",
title = "SCMS-EMI: универсальный веб-интерфейс пользователя для работы в грид-среде (ARC/gLite/UNICORE)",
booktitle = "Научный сервис в сети Интернет: поиск новых решений: Труды Международной суперкомпьютерной конференции (17-22 сентября 2012 г., г. Новороссийск). – М.: Изд-во МГУ",
year = "2012",
pages = "29--34",
language = "ukrainian" 
}

@inproceedings{golovynskyi-hpcua-skit-4,
author = "{Головинський~А.Л.} and {Маленко~А.Л.} and {Бандура~О.А.} and {Горенко~С.О.} and {Ємченко~І.О.} and {Черепинець~В.В.}",
title = "СКІТ-4 – новий суперкомп’ютер Інституту кібернетики ім. В.М. Глушкова НАН України",
booktitle = "Високопродуктивні обчислення HPC-UA 2012: Праці міжнародної науково-технічної конференції – Київ, НТУУ «КПІ»",
year = "2012",
pages = "149--151",
language = "ukrainian" 
}

@inproceedings{barannik-hpcua-medgrid,
author = "{ С.В.~Баранник} and {О.М.~Дьомін} and {А.Л.~Головинський} and {А.Л.~Маленко}",
title = "Использование ГРИД-технологий для создания системы хранения медицинских изображений",
booktitle = "Високопродуктивні обчислення HPC-UA 2012: Праці міжнародної науково-технічної конференції – Київ, НТУУ «КПІ»",
year = "2012",
pages = "90--93",
language = "ukrainian" 
}

@inproceedings{golovynskyi-hpcua-modernizaciya-hpc,
author = "{Головинський~А.Л.} and {Комухаєв~Е.Г.} and {Черепинець~В.В.}",
title = "Про деякі прототипи модернізації НРС",
booktitle = "Високопродуктивні обчислення HPC-UA 2012: Праці міжнародної науково-технічної конференції – Київ, НТУУ «КПІ»",
year = "2012",
pages = "143--148",
language = "ukrainian" 
}

@inproceedings{io-report,
author = "{Kendall, S.C.} and {Waldo, J.} and {Wollrath, A.} and {Wyant, G.}",
title = "A note on distributed computing",
booktitle = "Sun Microsystems, Technical Report
TR-94-29",
year = "1994",
pages = "15-30",
language = "ukrainian" 
}

@inproceedings{uuid,
author = "{P. Leach} and {M. Mealling} and {R. Salz} and {Wyant, G.}",
title = "A Universally Unique IDentifier (UUID) URN Namespace",
booktitle = "RFC 4122",
year = "2005",
pages = "12-21",
language = "ukrainian" 
}

@misc{dpm,
title = "Disk Pool Manager (DPM). POOL - Persistency Framework. Pool Of
persistent Objects for LHC",
howpublished = "портал [Електронний ресурс], дата звертання: \todayiso",
note = "Режим доступу: \url{http://lcgapp.cern.ch/project/persist}"
}

@misc{dcache,
title = "Patrick Fuhrmann. dCache, the Overview",
howpublished = "портал [Електронний ресурс], дата звертання: \todayiso",
note = "Режим доступу: \url{http://www.dcache.org/manuals/dcache-whitepaper-light.pdf}"
}

@misc{castor,
title = "CASTOR",
howpublished = "портал [Електронний ресурс], дата звертання: \todayiso",
note = "Режим доступу: \url{http://cern.ch/castor/}"
}

@misc{ mdynamix-2,
title = "MDynaMix",
howpublished = "портал [Електронний ресурс], дата звертання: \todayiso",
note = "Режим доступу: \url{http://www.fos.su.se/~sasha/md_prog.html}"
}
@misc{ firefly,
title = "FireFly",
howpublished = "портал [Електронний ресурс], дата звертання: \todayiso",
note = "Режим доступу: \url{http://classic.chem.msu.su/gran/gamess/index.html}"
}

@misc{ petachem,
title = "PetaChem",
howpublished = "портал [Електронний ресурс], дата звертання: \todayiso",
note = "Режим доступу: \url{http://www.petachem.com/pricing.html}"
}

@misc{nwchem,
title = "NWChem",
howpublished = "портал [Електронний ресурс], дата звертання: \todayiso",
note = "Режим доступу: \url{http://www.nwchem-sw.org/}"
}

@misc{quantum-espresso,
title = "Quantum Espresso",
howpublished = "портал [Електронний ресурс], дата звертання: \todayiso",
note = "Режим доступу: \url{http://www.quantum-espresso.org/}"
}

@misc{openfoam,
title = "OpenFoam",
howpublished = "портал [Електронний ресурс], дата звертання: \todayiso",
note = "Режим доступу: \url{http://www.openfoam.org }"
}

@misc{vratis,
title = "Vratis",
howpublished = "портал [Електронний ресурс], дата звертання: \todayiso",
note = "Режим доступу: \url{http://speedit.vratis.com/index.php/products}"
}

@misc{arael,
title = "Arael",
howpublished = "портал [Електронний ресурс], дата звертання: \todayiso",
note = "Режим доступу: \url{http://vratis.com/index.php?option=com_content&view=category&layout=blog& id=48&Itemid=87&lang=en }"
}

@misc{fluidyna,
title = "FluiDyna",
howpublished = "портал [Електронний ресурс], дата звертання: \todayiso",
note = "Режим доступу: \url{http://www.fluidyna.com/content/software-high-performance-computing}"
}

@misc{flowvision,
title = "FlowVision",
howpublished = "портал [Електронний ресурс], дата звертання: \todayiso",
note = "Режим доступу: \url{http://www.flowvision.ru}"
}

@misc{thrust,
title = "Thrust",
howpublished = "портал [Електронний ресурс], дата звертання: \todayiso",
note = "Режим доступу: \url{http://thrust.github.com/}"
}

@misc{cusp,
title = "Cusp",
howpublished = "портал [Електронний ресурс], дата звертання: \todayiso",
note = "Режим доступу: \url{http://cusp-library.googlecode.com}"
}

@misc{magma,
title = "Magma",
howpublished = "портал [Електронний ресурс], дата звертання: \todayiso",
note = "Режим доступу: \url{http://icl.cs.utk.edu/magma/index.html }"
}

@misc{supercomp-1,
title = "Велика суперкомп’ютерна гонка",
howpublished = "портал [Електронний ресурс], дата звертання: \todayiso",
note = "Режим доступу: \url{ http://supercomputer.com.ua/ua/190-velika-superkompyuterna-gonka.html}"
}

@misc{supercomp-2,
title = "Фінансування суперкомп’ютерів",
howpublished = "портал [Електронний ресурс], дата звертання: \todayiso",
note = "Режим доступу: \url{ http://supercomputer.com.ua/ua/186-finansuvannya-superkompyuteriv.html}"
}

@misc{supercomp-3,
title = "Топ 10 причин проти обчислень на GPU",
howpublished = "портал [Електронний ресурс], дата звертання: \todayiso",
note = "Режим доступу: \url{ http://supercomputer.com.ua/ua/180-top-10-prichin-proti-obchislen-na-gpu.html}"
}


@misc{enterprisestorageforum,
title = "Grid Computing and the Future of Cloud Computing",
howpublished = "портал [Електронний ресурс], дата звертання: \todayiso",
note = "Режим доступу: \url{ http://www.enterprisestorageforum.com/outsourcing/features/article.php/3859956/Grid-Computing-and-the-Future-of-Cloud-Computing.htm}"
}

@misc{ung,
title = "Український національний грід",
howpublished = "портал [Електронний ресурс], дата звертання: \todayiso",
note = "Режим доступу: \url{http://ung.in.ua/}"
}

@misc{inparcom-site,
title = "Інтелектуальні комп'ютери Інпарком",
howpublished = "портал [Електронний ресурс], дата звертання: \todayiso",
note = "Режим доступу: \url{http://www.inparcom.com}"
}

@misc{virtualbox,
title = "VirtualBox –- virtualization product",
howpublished = "портал [Електронний ресурс], дата звертання: \todayiso",
note = "Режим доступу: \url{http://www.virtualbox.org/}"
}

@misc{gentzsch-yenier,
title = "W. Gentzsch, B. Yenier: Half-Time in the Uber-Cloud",
howpublished = "портал [Електронний ресурс], дата звертання: \todayiso",
note = "Режим доступу: \url{http://www.hpcwire.com/hpcwire/2012-09-20/half-time_in_the_uber-cloud.html}"
}

@misc{cloudscaling,
title = "Grid, Cloud, HPС. What’s the Diff?",
howpublished = "портал [Електронний ресурс], дата звертання: \todayiso",
note = "Режим доступу: \url{http://www.cloudscaling.com/blog/cloud-computing/grid-cloud-hpc-whats-the-diff/}"
}

@misc{ibmcloud,
title = "IBM Technical library, Cloud computing versus grid computing",
howpublished = "портал [Електронний ресурс], дата звертання: \todayiso",
note = "Режим доступу: \url{http://www.ibm.com/developerworks/library/wa-cloudgrid/}"
}

@misc{owncloud,
title = "Owncloud",
howpublished = "портал [Електронний ресурс], дата звертання: \todayiso",
note = "Режим доступу: \url{http://owncloud.org/}"
}

@misc{owncloud-wiki,
title = "Опис Owncloud",
howpublished = "портал [Електронний ресурс], дата звертання: \todayiso",
note = "Режим доступу: \url{http://uk.wikipedia.org/wiki/OwnCloud}"
}


@misc{tsubame-kfc,
title = "Tsubame-KFC: суперкомпьютер с погружной системой охлаждения из Японии",
howpublished = "портал [Електронний ресурс], дата звертання: \todayiso",
note = "Режим доступу: \url{http://habrahabr.ru/company/kingservers/blog/204718/}"
}

@misc{hydrothermal-cooling,
title = "В.Н.~Гаврилов. Природа для ЦОДа. Нетрадиционные системы охлаждения",
howpublished = "портал [Електронний ресурс], дата звертання: \todayiso",
note = "Режим доступу: \url{http://www.iksmedia.ru/}"
}

@misc{hotwater-cooling-rsc,
title = "Горячая вода -- для охлаждения суперкомпьютеров",
howpublished = "портал [Електронний ресурс], дата звертання: \todayiso",
note = "Режим доступу: \url{http://www.pcweek.ru/}"
}

@misc{supercomputer-cooling-rsc,
title = "Е.~Дружинин. Энергоэффективное охлаждение суперкомпьютеров",
howpublished = "портал [Електронний ресурс], дата звертання: \todayiso",
note = "Режим доступу: \url{http://supercomputers.ru}"
}

@misc{facebook,
title = "ЦОД Facebook",
howpublished = "портал [Електронний ресурс], дата звертання: \todayiso",
note = "Режим доступу: \url{http:www.opencompute.org/about/energy-efficiency/}"
}

@misc{reality-capture-link,
title = "Capturing Reality",
howpublished = "портал [Електронний ресурс], дата звертання: \todayiso",
note = "Режим доступу: \url{https://www.capturingreality.com/}"
}

@misc{agisoft-photoscan-link,
title = "Agisoft Photoscan",
howpublished = "портал [Електронний ресурс], дата звертання: \todayiso",
note = "Режим доступу: \url{http://www.agisoft.com/}"
}

@misc{asprs-link,
title = "THE IMAGING AND GEOSPATIAL INFORMATION SOCIETY",
howpublished = "портал [Електронний ресурс], дата звертання: \todayiso",
note = "Режим доступу: \url{http://www.asprs.org/}"
}

@article{scit10anniv,
author = "{Golovynskyi A.} and {Sergienko I.} and {Tulchinskyi V.} and {Malenko A.} and {Bandura O.} and {Gorenko S.} and {Roganova O.} and {Lavrikova O.}",
year = "2017",
title = "Development of SCIT Supercomputers Family Created at the V. M. Glushkov Institute of Cybernetics, NAS of Ukraine, in 2002--2017",
journal = "Cybernetics and Systems Analysis",
pages = {1--5},
}

@article{haozhang,
author = "{Haihang You} and {Hao Zhang}",
title = "Comprehensive Workload Analysis and Modeling of a Petascale Supercomputer",
journal = "6th International Workshop, JSSPP, Shanghai, China. Revised Selected Papers",
year = "2012",
volume = "1",
pages = "253--271",
language = "ukrainian"
}
